@article{choi1992inverse,
  title={Inverse kinematics problem in robotics using neural networks},
  author={Choi, Benjamin B and Lawrence, Charles},
  journal={Nasa Sti/recon Technical Report N},
  volume={93},
  year={1992},
}

@article{duka2014neural,
  title={Neural Network based Inverse Kinematics Solution for Trajectory Tracking of a Robotic Arm},
  author={Duka, Adrian Vasile},
  journal={Procedia Technology},
  volume={12},
  number={1},
  pages={20-27},
  year={2014},
}

@article{koker2004study,
  title={A study of neural network based inverse kinematics solution for a three-joint robot},
  author={Köker, Raşit and Öz, Cemil and Çakar, Tarık and Ekiz, Hüseyin},
  journal={Robotics and Autonomous Systems},
  volume={49},
  number={3},
  pages={227-234},
  year={2004},
}



@article{Robot2005Motion,
  title={Principles of Robot Motion: Theory, Algorithms, and Implementation},
  author={H. Choset and K.M. Lynch and S. Hutchinson and G. Kantor and W. Burgard and L.E. Kavraki and S. Thrun},
  year={2005},
}

@article{brogan1998dynamic,
  title={Dynamically Simulated Characters in Virtual Environments},
  author={D.C. Brogan and R.A. Metoyer and J.K. Hodgins},
  year={1998},
}

@article{LEE1984Geomatric,
  title={Dynamically Simulated Characters in Virtual Environments},
  author={C.S.G. LEE},
  year={1984},
}

@article{deepak,
  title={Badler Real-Time Inverse Kinematics Techniques for Anthropomorphic Limbs},
  author={Deepak Tolani and Ambarish Goswami and Norman I},
}

@article{EduardoInverse,
  title={Inverse Dynamics and Kinematics of MultiLink Elastic Robots: An Iterative Frequency Domain Approach},
  author={Eduardo Bayo and Philip Papadopoulos and James Stubbe},
}

@article{lin2011algebraic,
  title={Algebraic-elimination Based Solution of Inverse Kinematics for a Humanoid Robot Finger},
  author={Ming-Tzong Lin and Hong-Bo Lin and Chung-Ching Liu and Ying-Lung Lin and Che-Hau Wu and Cheng-Wei Tung},
  journal={International Conference on Mechatronics and Automation},
  year={2011},
}

@article{petru,
  title={Neural network based inverse kinematics solution for trajectory tracking of a robotic arm},
  author={Petru Maior” University of Tg. Mureş, No. 1  N.Iorga St., Tg.Mureş, 540088, Romania.}
}


@article{daya2010applying,
	title={Applying neural network architecture for inverse kinematics problem in robotics},
	author={Daya, Bassam and Khawandi, Shadi and Akoum, Mohamed},
	journal={Journal of Software Engineering and Applications},
	volume={3},
	number={03},
	pages={230},
	year={2010},
	publisher={Scientific Research Publishing}
}

@article{feng2012inverse,
	title={Inverse kinematics solution for robot manipulator based on neural network under joint subspace},
	author={Feng, Yin and Yao-nan, Wang and Yi-min, Yang},
	journal={International Journal of Computers Communications and Control},
	volume={7},
	number={3},
	pages={459--472},
	year={2012}
}

@article{rene,
  title={Neural learning and dynamical selection of redundant solutions for inverse kinematic control},
  author={Rene Felix Reinhart and Jochen Jakob Steil},
}

@article{luko2009reservoir,
  title={Reservoir computing approaches to recurrent neural network training},
  author={M. Lukosevicius and H. Jaeger},
  journal={Computer Science Review},
  year={2009},
}

@article{huang,
  title={Extreme learning machine: a new learning scheme of feed forward neural networks},
  author={G.-B. Huang and Q.-Y. Zhu and C.-K. Siew},
  journal={IEEE Intern. Joint Conf. on Neural Networks},
}

@article{witkin,
  title={Motion Warping},
  author={WITKIN, A., AND POPOVIC´, Z},
  journal={Proceedings of SIGGRAPH 95 (Aug.)},
  year={1995},
}

@article{rose,
  title={Verbs and Adverbs: Multidimensional Motion Interpolation},
  author={ROSE, C., COHEN, M. F.and BODENHEIMER, B},
  journal={IEEE Computer Graphics  Applications 18, 5, 32–40.},
  year={1998},
}

@article{siden,
  title={Implicit probabilistic models of human motion for synthesis and tracking},
  author={SIDENBLADH, H and BLACK, M. J. and SIGAL, L},
  journal={Proc. ECCV, LNCS 2353, vol. 1, 784–800},
  year={2002},
}


@inproceedings{csiszar2017solving,
	title={On solving the inverse kinematics problem using neural networks},
	author={Csiszar, Akos and Eilers, Jan and Verl, Alexander},
	booktitle={Mechatronics and Machine Vision in Practice (M2VIP), 2017 24th International Conference on},
	pages={1--6},
	year={2017},
	organization={IEEE}
}

@inproceedings{reinhart2010reaching,
  title={Reaching movement generation with a recurrent neural network based on learning inverse kinematics for the humanoid robot iCub},
  author={Reinhart, R. Felix and Steil, Jochen J.},
  booktitle={Ieee-Ras International Conference on Humanoid Robots, 2009. Humanoids},
  pages={323-330},
  year={2010},
}

@inproceedings{reinhart2011neural,
  title={Neural learning and dynamical selection of redundant solutions for inverse kinematic control},
  author={Reinhart, R. F and Steil, J. J},
  booktitle={Ieee-Ras International Conference on Humanoid Robots},
  pages={564-569},
  year={2011},
}


@article{neumann2010learning,
title={Learning Inverse Kinematics for Pose-Constraint Bi-manual Movements},
author={Neumann, Klaus and Rolf, Matthias and Steil, Jochen J. and Gienger, Michael},
year={2010},
}

@inproceedings{waegeman2011towards,
title={Towards Learning Inverse Kinematics with a Neural Network Based Tracking Controller},
author={Waegeman, Tim and Schrauwen, Benjamin},
booktitle={Neural Information Processing - International Conference, ICONIP 2011, Shanghai, China, November 13-17, 2011, Proceedings},
pages={441-448},
year={2011},
}

@inproceedings{lin2011algebraic,
title={Algebraic-elimination Based Solution of Inverse Kinematics for a Humanoid Robot Finger},
author={Lin, Ming Tzong and Lin, Hong Bo and Liu, Chung Ching and Lin, Ying Lung and Wu, Che Hau and Tung, Cheng Wei},
booktitle={2011 ieee international conference mechatronics and automation},
pages={46-51},
year={2011},
}

@article{grochow2004Style,
	title={Style-based inverse kinematics},
	author={Grochow, K. and Martin, S. and Hertzmann, A. and Popovic, Z.},
	journal={Siggraph Acm Siggraph Papers},
	volume={23},
	number={3},
	pages={522-531},
	year={2004},
}


@inproceedings{aristidou2018inverse,
	title={Inverse Kinematics Techniques in Computer Graphics: A Survey},
	author={Aristidou, Andreas and Lasenby, Joan and Chrysanthou, Yiorgos and Shamir, Ariel},
	booktitle={Computer Graphics Forum},
	volume={37},
	number={6},
	pages={35--58},
	year={2018},
	organization={Wiley Online Library}
}

@article{erleben2019solving,
	title={Solving inverse kinematics using exact Hessian matrices},
	author={Erleben, Kenny and Andrews, Sheldon},
	journal={Computers \& Graphics},
	volume={78},
	pages={1--11},
	year={2019},
	publisher={Elsevier}
}

@article{wu2011natural,
	title={Natural character posing from a large motion database},
	author={Wu, Xiaomao and Tournier, Maxime and Reveret, Lionel},
	journal={IEEE computer graphics and applications},
	volume={31},
	number={3},
	pages={69--77},
	year={2011},
	publisher={IEEE}
}

@inproceedings{ho2013topology,
	title={Topology aware data-driven inverse kinematics},
	author={Ho, Edmond SL and Shum, Hubert PH and Cheung, Yiu-ming and Yuen, Pong C},
	booktitle={Computer Graphics Forum},
	volume={32},
	number={7},
	pages={61--70},
	year={2013},
	organization={Wiley Online Library}
}

@inproceedings{huang2017multi,
	title={Multi-Variate Gaussian-Based Inverse Kinematics},
	author={Huang, Jing and Wang, Qi and Fratarcangeli, Marco and Yan, Ke and Pelachaud, Catherine},
	booktitle={Computer Graphics Forum},
	volume={36},
	number={8},
	pages={418--428},
	year={2017},
	organization={Wiley Online Library}
}

@article{shum2013real,
	title={Real-time posture reconstruction for Microsoft Kinect.},
	author={Shum, Hubert PH and Ho, Edmond SL and Jiang, Yang and Takagi, Shu},
	journal={IEEE Trans. Cybernetics},
	volume={43},
	number={5},
	pages={1357--1369},
	year={2013}
}

@article{lv2016data,
	title={Data-driven humanlike reaching behaviors synthesis},
	author={Lv, Pei and Xu, Mingliang and Yang, Bailin and Li, Mingyuan and Zhou, Bing},
	journal={Neurocomputing},
	volume={177},
	pages={26--32},
	year={2016},
	publisher={Elsevier}
}

@article{caserman2018real,
	title={Real-time body tracking in virtual reality using a Vive tracker},
	author={Caserman, Polona and Garcia-Agundez, Augusto and Konrad, Robert and G{\"o}bel, Stefan and Steinmetz, Ralf},
	journal={Virtual Reality},
	pages={1--14},
	year={2018},
	publisher={Springer}
}

@article{chai2007constraint,
	title={Constraint-based motion optimization using a statistical dynamic model},
	author={Chai, Jinxiang and Hodgins, Jessica K},
	journal={ACM Transactions on Graphics (TOG)},
	volume={26},
	number={3},
	pages={8},
	year={2007},
	publisher={ACM}
}

@inproceedings{waegeman2011towards,
	title={Towards learning inverse kinematics with a neural network based tracking controller},
	author={Waegeman, Tim and Schrauwen, Benjamin},
	booktitle={International Conference on Neural Information Processing},
	pages={441--448},
	year={2011},
	organization={Springer}
}

@article{pietak2013fundamental,
	title={Fundamental ratios and logarithmic periodicity in human limb bones},
	author={Pietak, Alexis and Ma, Siyan and Beck, Caroline W and Stringer, Mark D},
	journal={Journal of anatomy},
	volume={222},
	number={5},
	pages={526--537},
	year={2013},
	publisher={Wiley Online Library}
}

@article{buss2004introduction,
	title={Introduction to inverse kinematics with jacobian transpose, pseudoinverse and damped least squares methods},
	author={Buss, Samuel R},
	journal={IEEE Journal of Robotics and Automation},
	volume={17},
	number={1-19},
	pages={16},
	year={2004}
}

@article{unzueta2008full,
	title={Full-body performance animation with sequential inverse kinematics},
	author={Unzueta, Luis and Peinado, Manuel and Boulic, Ronan and Suescun, {\'A}ngel},
	journal={Graphical models},
	volume={70},
	number={5},
	pages={87--104},
	year={2008},
	publisher={Elsevier}
}

@inproceedings{colome2012redundant,
	title={Redundant inverse kinematics: Experimental comparative review and two enhancements},
	author={Colom{\'e}, Adria and Torras, Carme},
	booktitle={Intelligent Robots and Systems (IROS), 2012 IEEE/RSJ International Conference on},
	pages={5333--5340},
	year={2012},
	organization={IEEE}
}

@inproceedings{mukherjee2015inverse,
	title={Inverse kinematics of a NAO humanoid robot using kinect to track and imitate human motion},
	author={Mukherjee, Shohin and Paramkusam, Deepak and Dwivedy, Santosha K},
	booktitle={Robotics, Automation, Control and Embedded Systems (RACE), 2015 International Conference on},
	pages={1--7},
	year={2015},
	organization={IEEE}
}

@article{harish2016parallel,
	title={Parallel inverse kinematics for multithreaded architectures},
	author={Harish, Pawan and Mahmudi, Mentar and Callennec, Beno{\^\i}t Le and Boulic, Ronan},
	journal={ACM Transactions on Graphics (TOG)},
	volume={35},
	number={2},
	pages={19},
	year={2016},
	publisher={ACM}
}

@article{zhao1994inverse,
	title={Inverse kinematics positioning using nonlinear programming for highly articulated figures},
	author={Zhao, Jianmin and Badler, Norman I},
	journal={ACM Transactions on Graphics (TOG)},
	volume={13},
	number={4},
	pages={313--336},
	year={1994},
	publisher={ACM}
}

@inproceedings{rose1996efficient,
	title={Efficient generation of motion transitions using spacetime constraints},
	author={Rose, Charles and Guenter, Brian and Bodenheimer, Bobby and Cohen, Michael F},
	booktitle={Proceedings of the 23rd annual conference on Computer graphics and interactive techniques},
	pages={147--154},
	year={1996},
	organization={ACM}
}

@article{kenwright2012inverse,
	title={Inverse kinematics--cyclic coordinate descent (CCD)},
	author={Kenwright, Ben},
	journal={Journal of Graphics Tools},
	volume={16},
	number={4},
	pages={177--217},
	year={2012},
	publisher={Taylor \& Francis}
}

@article{aristidou2011fabrik,
	title={FABRIK: A fast, iterative solver for the Inverse Kinematics problem},
	author={Aristidou, Andreas and Lasenby, Joan},
	journal={Graphical Models},
	volume={73},
	number={5},
	pages={243--260},
	year={2011},
	publisher={Elsevier}
}

@inproceedings{courty2008inverse,
	title={Inverse kinematics using sequential monte carlo methods},
	author={Courty, Nicolas and Arnaud, Elise},
	booktitle={International Conference on Articulated Motion and Deformable Objects},
	pages={1--10},
	year={2008},
	organization={Springer}
}

@inproceedings{hecker2008real,
	title={Real-time motion retargeting to highly varied user-created morphologies},
	author={Hecker, Chris and Raabe, Bernd and Enslow, Ryan W and DeWeese, John and Maynard, Jordan and van Prooijen, Kees},
	booktitle={ACM Transactions on Graphics (TOG)},
	volume={27},
	number={3},
	pages={27},
	year={2008},
	organization={ACM}
}

@inproceedings{rose2001artist,
	title={Artist-directed inverse-kinematics using radial basis function interpolation},
	author={Rose III, Charles F and Sloan, Peter-Pike J and Cohen, Michael F},
	booktitle={Computer Graphics Forum},
	volume={20},
	number={3},
	pages={239--250},
	year={2001},
	organization={Wiley Online Library}
}

@article{rolf2010goal,
	title={Goal babbling permits direct learning of inverse kinematics},
	author={Rolf, Matthias and Steil, Jochen J and Gienger, Michael},
	journal={IEEE Transactions on Autonomous Mental Development},
	volume={2},
	number={3},
	pages={216--229},
	year={2010},
	publisher={Institute of Electrical and Electronics Engineers, Inc.,| y USA USA}
}

@article{carvalho2007interactive,
	title={Interactive low-dimensional human motion synthesis by combining motion models and PIK},
	author={Carvalho, Schubert R and Boulic, Ronan and Thalmann, Daniel},
	journal={Computer Animation and Virtual Worlds},
	volume={18},
	number={4-5},
	pages={493--503},
	year={2007},
	publisher={Wiley Online Library}
}

@inproceedings{chai2005performance,
	title={Performance animation from low-dimensional control signals},
	author={Chai, Jinxiang and Hodgins, Jessica K},
	booktitle={ACM Transactions on Graphics (ToG)},
	volume={24},
	number={3},
	pages={686--696},
	year={2005},
	organization={ACM}
}

@article{raunhardt2009motion,
	title={Motion constraint},
	author={Raunhardt, Daniel and Boulic, Ronan},
	journal={The Visual Computer},
	volume={25},
	number={5-7},
	pages={509},
	year={2009},
	publisher={Springer}
}

@inproceedings{tournier2009motion,
	title={Motion compression using principal geodesics analysis},
	author={Tournier, Maxime and Wu, Xiaomao and Courty, Nicolas and Arnaud, Elise and Reveret, Lionel},
	booktitle={Computer Graphics Forum},
	volume={28},
	number={2},
	pages={355--364},
	year={2009},
	organization={Wiley Online Library}
	}

@article{raghavan1993inverse,
	title={Inverse kinematics of the general 6R manipulator and related linkages},
	author={Raghavan, Madhusudan and Roth, Bernard},
	journal={Journal of Mechanical Design},
	volume={115},
	number={3},
	pages={502--508},
	year={1993},
	publisher={American Society of Mechanical Engineers}
}

@article{manocha1994efficient,
	title={Efficient inverse kinematics for general 6R manipulators},
	author={Manocha, Dinesh and Canny, John F},
	journal={IEEE transactions on robotics and automation},
	volume={10},
	number={5},
	pages={648--657},
	year={1994},
	publisher={IEEE}
}

@article{gan2005complete,
	title={A complete analytical solution to the inverse kinematics of the Pioneer 2 robotic arm},
	author={Gan, John Q and Oyama, Eimei and Rosales, Eric M and Hu, Huosheng},
	journal={Robotica},
	volume={23},
	number={1},
	pages={123--129},
	year={2005},
	publisher={Cambridge University Press}
}

@inproceedings{levine2014learning,
	title={Learning complex neural network policies with trajectory optimization},
	author={Levine, Sergey and Koltun, Vladlen},
	booktitle={International Conference on Machine Learning},
	pages={829--837},
	year={2014}
}

@article{holden2016deep,
	title={A deep learning framework for character motion synthesis and editing},
	author={Holden, Daniel and Saito, Jun and Komura, Taku},
	journal={ACM Transactions on Graphics (TOG)},
	volume={35},
	number={4},
	pages={138},
	year={2016},
	publisher={ACM}
}

@article{holden2017phase,
	title={Phase-functioned neural networks for character control},
	author={Holden, Daniel and Komura, Taku and Saito, Jun},
	journal={ACM Transactions on Graphics (TOG)},
	volume={36},
	number={4},
	pages={42},
	year={2017},
	publisher={ACM}
	}
  @inproceedings{kanazawa2018end,
    title={End-to-end recovery of human shape and pose},
    author={Kanazawa, Angjoo and Black, Michael J and Jacobs, David W and Malik, Jitendra},
    booktitle={Proceedings of the IEEE Conference on Computer Vision and Pattern Recognition},
    pages={7122--7131},
    year={2018}
  }
  @misc{ wiki:Artificial_neural_network,
    author = "{Wikipedia contributors}",
    title = "Artificial neural network --- {Wikipedia}{,} The Free Encyclopedia",
    year = "2019",
    url = "https://en.wikipedia.org/w/index.php?title=Artificial_neural_network&oldid=893208691",
    note = "[Online; accessed 29-April-2019]"
  }
  @misc{ wiki:Deep_learning,
    author = "{Wikipedia contributors}",
    title = "Deep learning --- {Wikipedia}{,} The Free Encyclopedia",
    year = "2019",
    url = "https://en.wikipedia.org/w/index.php?title=Deep_learning&oldid=894592567",
    note = "[Online; accessed 29-April-2019]"
  }
  @misc{ wiki:RNN,
  author = "维基百科",
  title = "递归神经网络 --- 维基百科{,} 自由的百科全书",
  year = "2019",
  url = "https://zh.wikipedia.org/w/index.php?title=%E9%80%92%E5%BD%92%E7%A5%9E%E7%BB%8F%E7%BD%91%E7%BB%9C&oldid=53141336",
  note = "[Online; accessed 1002}2019]"
}
@misc{ wiki:LSTM,
  author = "维基百科",
  title = "長短期記憶 --- 维基百科{,} 自由的百科全书",
  year = "2019",
  url = "https://zh.wikipedia.org/w/index.php?title=%E9%95%B7%E7%9F%AD%E6%9C%9F%E8%A8%98%E6%86%B6&oldid=53142858",
  note = "[Online; accessed 1002}2019]"
}
